@inproceedings{pratas2016efficient,
  title={Efficient compression of genomic sequences},
  author={Pratas, Diogo and Pinho, Armando J and Ferreira, Paulo JSG},
  booktitle={Data Compression Conference (DCC)},
  pages={231--240},
  year={2016},
  organization={IEEE}
}

@article{pratas2018comparison,
  title={Comparison of compression-based measures with application to the evolution of primate genomes},
  author={Pratas, Diogo and Silva, Raquel and Pinho, Armando},
  journal={Entropy},
  volume={20},
  number={6},
  pages={393},
  year={2018},
  publisher={Multidisciplinary Digital Publishing Institute}
}

@article{sokal58a,
  title = {A statistical method for evaluating systematic relationships},
  added-at = {2009-01-22T02:55:58.000+0100},
  author = {Sokal, R. R. and Michener, C. D.},
  journal = {University of Kansas Science Bulletin},
  pages = {1409-1438},
  volume = 38,
  year = 1958
}

@article{clifford2011comparison,
  title={Comparison of clustering methods for investigation of genome-wide methylation array data},
  author={Clifford, Harry and Wessely, Frank and Pendurthi, Satish and Emes, Richard D},
  journal={Frontiers in genetics},
  volume={2},
  pages={88},
  year={2011},
  publisher={Frontiers}
}

@article{hosseini2019ac,
  title={AC: A Compression Tool for Amino Acid Sequences},
  author={Hosseini, Morteza and Pratas, Diogo and Pinho, Armando J},
  journal={Interdisciplinary Sciences: Computational Life Sciences},
  volume={11},
  number={1},
  pages={68--76},
  year={2019},
  publisher={Springer}
}

@inproceedings{pratas2017substitutional,
  title={Substitutional tolerant Markov models for relative compression of DNA sequences},
  author={Pratas, Diogo and Hosseini, Morteza and Pinho, Armando J},
  booktitle={International Conference on Practical Applications of Computational Biology \& Bioinformatics},
  pages={265--272},
  year={2017},
  organization={Springer}
}